@Manual{vox,
  title = {Today’s inflation and the Great Inflation of the 1970s: Similarities and differences},
  author = {{Jongrim Ha, M.A. Kose und F. Ohnsorge}},
  organization = {VOX EU},
  address = {},
  year = {2022},
  url = {https://voxeu.org/article/today-s-inflation-and-great-inflation-1970s#:~:text=In%201970%2C%20it%20reached%205.5,7%25%20in%20March%202022},
} 

@Manual{kof,
  title = {Deutschland entgeht einer Rezession?},
  author = {{Abberger K. und W. Nierhaus}},
  organization = {Ökonomenstimme},
  address = {},
  year = {2022},
  url = {https://www.oekonomenstimme.org/artikel/2022/05/deutschland-entgeht-einer-rezession/},
} 

@Manual{swey,
  title = {A business perspective on public regulation},
  author = {{Simon R. Wey}},
  organization = {University of Zurich},
  address = {Rämistrasse, Zürich},
  year = {2019},
  url = {www.uzh.ch},
} 